@article{DBLP:journals/jacm/KuhnMW16,
  author    = {Fabian Kuhn and
               Thomas Moscibroda and
               Roger Wattenhofer},
  title     = {Local Computation: Lower and Upper Bounds},
  journal   = {J. {ACM}},
  volume    = {63},
  number    = {2},
  pages     = {17:1--17:44},
  year      = {2016},
  url       = {https://doi.org/10.1145/2742012},
  doi       = {10.1145/2742012},
  timestamp = {Tue, 06 Nov 2018 12:51:45 +0100},
  biburl    = {https://dblp.org/rec/journals/jacm/KuhnMW16.bib},
  bibsource = {dblp computer science bibliography, https://dblp.org}
}

@incollection{DBLP:books/el/leeuwen90/LamportL90,
  author    = {Leslie Lamport and
               Nancy A. Lynch},
  editor    = {Jan van Leeuwen},
  title     = {Distributed Computing: Models and Methods},
  booktitle = {Handbook of Theoretical Computer Science, Volume {B:} Formal Models
               and Semantics},
  pages     = {1157--1199},
  publisher = {Elsevier and {MIT} Press},
  year      = {1990},
  url       = {https://doi.org/10.1016/b978-0-444-88074-1.50023-8},
  doi       = {10.1016/b978-0-444-88074-1.50023-8},
  timestamp = {Tue, 06 Aug 2019 09:45:21 +0200},
  biburl    = {https://dblp.org/rec/books/el/leeuwen90/LamportL90.bib},
  bibsource = {dblp computer science bibliography, https://dblp.org}
}

@inproceedings{DBLP:conf/focs/Linial87,
  author    = {Nathan Linial},
  title     = {Distributive Graph Algorithms-Global Solutions from Local Data},
  booktitle = {28th Annual Symposium on Foundations of Computer Science, Los Angeles,
               California, USA, 27-29 October 1987},
  pages     = {331--335},
  publisher = {{IEEE} Computer Society},
  year      = {1987},
  url       = {https://doi.org/10.1109/SFCS.1987.20},
  doi       = {10.1109/SFCS.1987.20},
  timestamp = {Wed, 16 Oct 2019 14:14:54 +0200},
  biburl    = {https://dblp.org/rec/conf/focs/Linial87.bib},
  bibsource = {dblp computer science bibliography, https://dblp.org}
}

@article{DBLP:journals/siamcomp/NaorS95,
  author    = {Moni Naor and
               Larry J. Stockmeyer},
  title     = {What Can be Computed Locally?},
  journal   = {{SIAM} J. Comput.},
  volume    = {24},
  number    = {6},
  pages     = {1259--1277},
  year      = {1995},
  url       = {https://doi.org/10.1137/S0097539793254571},
  doi       = {10.1137/S0097539793254571},
  timestamp = {Wed, 14 Nov 2018 10:45:08 +0100},
  biburl    = {https://dblp.org/rec/journals/siamcomp/NaorS95.bib},
  bibsource = {dblp computer science bibliography, https://dblp.org}
}

@article{DBLP:journals/corr/abs-2105-05574,
  author    = {Alkida Balliu and
               Keren Censor{-}Hillel and
               Yannic Maus and
               Dennis Olivetti and
               Jukka Suomela},
  title     = {Locally Checkable Labelings with Small Messages},
  journal   = {CoRR},
  volume    = {abs/2105.05574},
  year      = {2021},
  url       = {https://arxiv.org/abs/2105.05574},
  archivePrefix = {arXiv},
  eprint    = {2105.05574},
  timestamp = {Tue, 18 May 2021 18:46:40 +0200},
  biburl    = {https://dblp.org/rec/journals/corr/abs-2105-05574.bib},
  bibsource = {dblp computer science bibliography, https://dblp.org}
}

@inproceedings{DBLP:conf/podc/Brandt19,
  author    = {Sebastian Brandt},
  editor    = {Peter Robinson and
               Faith Ellen},
  title     = {An Automatic Speedup Theorem for Distributed Problems},
  booktitle = {Proceedings of the 2019 {ACM} Symposium on Principles of Distributed
               Computing, {PODC} 2019, Toronto, ON, Canada, July 29 - August 2, 2019},
  pages     = {379--388},
  publisher = {{ACM}},
  year      = {2019},
  url       = {https://doi.org/10.1145/3293611.3331611},
  doi       = {10.1145/3293611.3331611},
  timestamp = {Sun, 22 Sep 2019 23:55:10 +0200},
  biburl    = {https://dblp.org/rec/conf/podc/Brandt19.bib},
  bibsource = {dblp computer science bibliography, https://dblp.org}
}

@inproceedings{DBLP:conf/podc/Olivetti20,
  author    = {Dennis Olivetti},
  editor    = {Yuval Emek and
               Christian Cachin},
  title     = {Brief Announcement: Round eliminator: a tool for automatic speedup
               simulation},
  booktitle = {{PODC} '20: {ACM} Symposium on Principles of Distributed Computing,
               Virtual Event, Italy, August 3-7, 2020},
  pages     = {352--354},
  publisher = {{ACM}},
  year      = {2020},
  url       = {https://doi.org/10.1145/3382734.3405694},
  doi       = {10.1145/3382734.3405694},
  timestamp = {Tue, 04 Aug 2020 16:14:27 +0200},
  biburl    = {https://dblp.org/rec/conf/podc/Olivetti20.bib},
  bibsource = {dblp computer science bibliography, https://dblp.org}
}

@inproceedings{DBLP:conf/podc/BrandtHKLOPRSU17,
  author    = {Sebastian Brandt and
               Juho Hirvonen and
               Janne H. Korhonen and
               Tuomo Lempi{\"{a}}inen and
               Patric R. J. {\"{O}}sterg{\aa}rd and
               Christopher Purcell and
               Joel Rybicki and
               Jukka Suomela and
               Przemyslaw Uznanski},
  editor    = {Elad Michael Schiller and
               Alexander A. Schwarzmann},
  title     = {{LCL} Problems on Grids},
  booktitle = {Proceedings of the {ACM} Symposium on Principles of Distributed Computing,
               {PODC} 2017, Washington, DC, USA, July 25-27, 2017},
  pages     = {101--110},
  publisher = {{ACM}},
  year      = {2017},
  url       = {https://doi.org/10.1145/3087801.3087833},
  doi       = {10.1145/3087801.3087833},
  timestamp = {Tue, 29 Dec 2020 18:28:12 +0100},
  biburl    = {https://dblp.org/rec/conf/podc/BrandtHKLOPRSU17.bib},
  bibsource = {dblp computer science bibliography, https://dblp.org}
}

@book{DBLP:books/others/BondyM76,
  author    = {J. Adrian Bondy and
               Uppaluri S. R. Murty},
  title     = {Graph Theory with Applications},
  publisher = {Macmillan Education {UK}},
  year      = {1976},
  url       = {https://doi.org/10.1007/978-1-349-03521-2},
  doi       = {10.1007/978-1-349-03521-2},
  isbn      = {978-1-349-03521-2},
  timestamp = {Mon, 13 Jan 2020 15:34:41 +0100},
  biburl    = {https://dblp.org/rec/books/others/BondyM76.bib},
  bibsource = {dblp computer science bibliography, https://dblp.org}
}

@online{HirvonenSuomelaDistAlg2020,
  author = {Juho Hirvonen and
            Jukka Suomela},
  title = {Distributed Algorithms 2020},
  year = 2020,
  url = {https://jukkasuomela.fi/da2020/da2020.pdf},
  urldate = {2021-12-14}
}

@book{peleg2000distributed,
 author = {David Peleg},
 title = {Distributed computing : a locality-sensitive approach},
 publisher = {Society for Industrial and Applied Mathematics},
 year = {2000},
 address = {Philadelphia},
 isbn = {0-89871-464-8}
 }

@inproceedings{DBLP:conf/istcs/MayerNS95,
  author    = {Alain J. Mayer and
               Moni Naor and
               Larry J. Stockmeyer},
  title     = {Local Computations on Static and Dynamic Graphs (Preliminary Version)},
  booktitle = {Third Israel Symposium on Theory of Computing and Systems, {ISTCS}
               1995, Tel Aviv, Israel, January 4-6, 1995, Proceedings},
  pages     = {268--278},
  publisher = {{IEEE} Computer Society},
  year      = {1995},
  url       = {https://doi.org/10.1109/ISTCS.1995.377023},
  doi       = {10.1109/ISTCS.1995.377023},
  timestamp = {Wed, 16 Oct 2019 14:14:52 +0200},
  biburl    = {https://dblp.org/rec/conf/istcs/MayerNS95.bib},
  bibsource = {dblp computer science bibliography, https://dblp.org}
}

@article{DBLP:journals/siamcomp/Linial92,
  author    = {Nathan Linial},
  title     = {Locality in Distributed Graph Algorithms},
  journal   = {{SIAM} J. Comput.},
  volume    = {21},
  number    = {1},
  pages     = {193--201},
  year      = {1992},
  url       = {https://doi.org/10.1137/0221015},
  doi       = {10.1137/0221015},
  timestamp = {Wed, 14 Nov 2018 10:45:05 +0100},
  biburl    = {https://dblp.org/rec/journals/siamcomp/Linial92.bib},
  bibsource = {dblp computer science bibliography, https://dblp.org}
}

@inproceedings{DBLP:conf/stoc/Angluin80,
  author    = {Dana Angluin},
  editor    = {Raymond E. Miller and
               Seymour Ginsburg and
               Walter A. Burkhard and
               Richard J. Lipton},
  title     = {Local and Global Properties in Networks of Processors (Extended Abstract)},
  booktitle = {Proceedings of the 12th Annual {ACM} Symposium on Theory of Computing,
               April 28-30, 1980, Los Angeles, California, {USA}},
  pages     = {82--93},
  publisher = {{ACM}},
  year      = {1980},
  url       = {https://doi.org/10.1145/800141.804655},
  doi       = {10.1145/800141.804655},
  timestamp = {Wed, 14 Nov 2018 10:51:37 +0100},
  biburl    = {https://dblp.org/rec/conf/stoc/Angluin80.bib},
  bibsource = {dblp computer science bibliography, https://dblp.org}
}

@article{DBLP:journals/dm/GrossT77,
  author    = {Jonathan L. Gross and
               Thomas W. Tucker},
  title     = {Generating all graph coverings by permutation voltage assignments},
  journal   = {Discret. Math.},
  volume    = {18},
  number    = {3},
  pages     = {273--283},
  year      = {1977},
  url       = {https://doi.org/10.1016/0012-365X(77)90131-5},
  doi       = {10.1016/0012-365X(77)90131-5},
  timestamp = {Fri, 12 Feb 2021 13:49:19 +0100},
  biburl    = {https://dblp.org/rec/journals/dm/GrossT77.bib},
  bibsource = {dblp computer science bibliography, https://dblp.org}
}

@article{DBLP:journals/sigact/Suomela20,
  author    = {Jukka Suomela},
  title     = {Using Round Elimination to Understand Locality},
  journal   = {{SIGACT} News},
  volume    = {51},
  number    = {3},
  pages     = {63--81},
  year      = {2020},
  url       = {https://doi.org/10.1145/3427361.3427374},
  doi       = {10.1145/3427361.3427374},
  timestamp = {Tue, 29 Dec 2020 18:20:29 +0100},
  biburl    = {https://dblp.org/rec/journals/sigact/Suomela20.bib},
  bibsource = {dblp computer science bibliography, https://dblp.org}
}

@mastersthesis{Tereshchenko2021,
  title={{Automated classification of distributed graph problems}},
  author={Tereshchenko, Aleksandr},
  year={2021},
  language={English},
  pages={76},
  school={Aalto University. School of Science},
  type={Master's thesis},
  keywords={distributed algorithms, distributed computing, locally checkable labeling problems, round elimination, graph algorithms},
  url={http://urn.fi/URN:NBN:fi:aalto-202105236941}
}
